@techreport{PolyhedraDefinition,
  title       = {Convex Optimization},
  author      = {Stephen Boyd},
  institution = {Stanford University, Department of Electrical Engineering},
  year        = {2004},
  url         = {https://web.stanford.edu/~boyd/cvxbook/bv_cvxbook.pdf}
}

@techreport{JarvisMarchAlgorithm,
  title       = {A BSP realisation of Jarvis's algorithm},
  author      = {L. Cinque; C. Di Maggio},
  institution = {IEEE},
  year        = {1999},
  url         = {https://ieeexplore.ieee.org/document/797603}
}

@techreport{probabilityConvexhull2d,
  title       = {Probability that n random points are in convex position},
  author      = {Pavel Valt},
  institution = {Independent Researcher},
  year        = {1994},
  url         = {https://refubium.fu-berlin.de/bitstream/handle/fub188/17874/1994_01.pdf?sequence=1&isAllowed=y}
}

@techreport{ValtrAlgorithm,
  title  = {Generating Random Convex Polygons},
  author = {Sander Verdonschot},
  year   = {2017},
  url    = {https://cglab.ca/~sander/misc/ConvexGeneration/convex.html}
}


@techreport{nDvolume,
  title       = {Volume of an n-dimensional Polyhedron},
  author      = {Abhijit Bhattacharya
                 , Kamlesh Kumar Dubey
                 , Bikromadittya Mondal},
  institution = {B. P. Poddar Institute of Management and Technology, Kolkata, India},
  year        = {2023},
  url         = {https://www.heldermann-verlag.de/jgg/jgg27/j27h1bhat.pdf}
}

@techreport{QuickHull,
  title       = {The Quickhull Algorithm for Convex Hulls},
  author      = {C. Bradford Barber,
                 David P. Dobkin,
                 Hannu Huhdanpaa},
  institution = {ACM Transactions on Mathematical Software},
  year        = {1995},
  url         = {https://dpd.cs.princeton.edu/Papers/BarberDobkinHuhdanpaa.pdf}
}

@techreport{JarvisMarch,
  title  = {Jarvis March algorithm},
  author = {R. A. Jarvis},
  year   = {1973},
  url    = {https://www.algorithm-archive.org/contents/jarvis_march/jarvis_march.html}
}

@techreport{CHApproximation,
  title  = {Jarvis March algorithm},
  author = {Randall Balestriero
            , Zichao Wang, Richard G. Baraniuk},
  year   = {2022},
  url    = {https://ieeexplore.ieee.org/document/9746031}
}